@article{bourn2019expected,
  title={Expected value of the one dimensional Earth Mover's Distance},
  author={Bourn, Rebecca and Willenbring, Jeb F},
  journal={arXiv preprint arXiv:1903.03673},
  year={2019}
}

@misc{gradeData,
	title={Section Attrition and Grade Reports},
	author={Office of Assessment and Institutional Research},
	year={2020},
	note={Last visited on 3/17/2020},
	howpublished={\u{https://uwm.edu/datahub/reports/section-attrition-and-grade-reports/}}
}

@misc{date1993iso,
	title={ISO/IEC 9075-2: 2008 (SQL-Part 2: Foundations), The SQL Standard},
	author={Date, Christopher J and Darwen, Hugh},
	year={1993},
	publisher={Addison-Wesley Publishing Company Reading}
}

@article{fielding1999hypertext,
	title={Hypertext transfer protocol--HTTP/1.1},
	author={Fielding, Roy and Gettys, Jim and Mogul, Jeffrey and Frystyk, Henrik and Masinter, Larry and Leach, Paul and Berners-Lee, Tim},
	year={1999},
	publisher={RFC 2616, june}
}

@book{lando2003lectures,
	title={Lectures on generating functions},
	author={Lando, Sergei K},
	volume={23},
	year={2003},
	publisher={American Mathematical Soc.}
}

@article{porter2009communities,
	title={Communities in networks},
	author={Porter, Mason A and Onnela, Jukka-Pekka and Mucha, Peter J},
	journal={Notices of the AMS},
	volume={56},
	number={9},
	pages={1082--1097},
	year={2009}
}